@inproceedings{walshaw2000multilevel,
  title={A multilevel algorithm for force-directed graph drawing},
  author={Walshaw, Chris},
  booktitle={International Symposium on Graph Drawing},
  pages={171--182},
  year={2000},
  organization={Springer}
}
@techreport{sandvig2005aacorn,
  title={Aacorn: A CBR recommender for academic advising},
  author={Sandvig, J and Burke, Robin},
  year={2005},
  institution={Technical Report TR05-015, DePaul University}
}
@book{anglin1994mathematics,
  title={Mathematics: A Concise History and Philosophy: A Concise History and Philosophy},
  author={Anglin, W.S.},
  isbn={9780387942803},
  lccn={96165013},
  series={Readings in Mathematics},
  url={https://books.google.com/books?id=13dKav77vGsC},
  year={1994},
  publisher={Springer New York}
}
@book{schwartz2009paradox,
  title={The Paradox of Choice: Why More Is Less, Revised Edition},
  author={Schwartz, B.},
  isbn={9780061748998},
  url={https://books.google.com/books?id=g422yyua-P8C},
  year={2009},
  publisher={HarperCollins}
}
@inproceedings{bendakir2006using,
  title={Using association rules for course recommendation},
  author={Bendakir, Narimel and A{\"\i}meur, Esma},
  booktitle={Proceedings of the AAAI Workshop on Educational Data Mining},
  volume={3},
  year={2006}
}
@inproceedings{Shneiderman:1996:ETD:832277.834354,
 author = {Shneiderman, Ben},
 title = {The Eyes Have It: A Task by Data Type Taxonomy for Information Visualizations},
 booktitle = {Proceedings of the 1996 IEEE Symposium on Visual Languages},
 series = {VL '96},
 year = {1996},
 isbn = {0-8186-7508-X},
 pages = {336--},
 url = {http://dl.acm.org/citation.cfm?id=832277.834354},
 acmid = {834354},
 publisher = {IEEE Computer Society},
 address = {Washington, DC, USA},
 keywords = {visualization, information visualization, graphical user interfaces},
} 
@article{Su:2009:SCF:1592474.1722966,
 author = {Su, Xiaoyuan and Khoshgoftaar, Taghi M.},
 title = {A Survey of Collaborative Filtering Techniques},
 journal = {Adv. in Artif. Intell.},
 issue_date = {January 2009},
 volume = {2009},
 month = jan,
 year = {2009},
 issn = {1687-7470},
 pages = {4:2--4:2},
 articleno = {4},
 numpages = {1},
 url = {http://dx.doi.org/10.1155/2009/421425},
 doi = {10.1155/2009/421425},
 acmid = {1722966},
 publisher = {Hindawi Publishing Corp.},
 address = {New York, NY, United States},
} 

@inproceedings{Moritz:2015:EuroVis,
  author = {Moritz, Dominik and Halperin, Daniel and Howe, Bill and Heer, Jeffrey},
  title = {Perfopticon: Visual Query Analysis for Distributed Databases},
  booktitle = {Proceedings of the 2015 Eurographics Conference on Visualization},
  series = {EuroVis '15},
  year = {2015},
  pages = {71--80},
  doi = {10.1111/cgf.12619},
  publisher = {Eurographics Association},
  address = {Aire-la-Ville, Switzerland, Switzerland},
} 

@ARTICLE{Sambasivan:2013:InfoVis,
  author={Sambasivan, R.R. and Shafer, I. and Mazurek, M.L. and Ganger, G.R.},
  journal={IEEE Transactions on Visualization and Computer Graphics},
  title={Visualizing Request-Flow Comparison to Aid Performance Diagnosis in Distributed Systems},
  year={2013},
  volume={19},
  number={12},
  pages={2466-2475},
  doi={10.1109/TVCG.2013.233}, 
  ISSN={1077-2626},
}

@book{ware:2004:IVP,
  author = {Colin Ware},
  title = {Information Visualization: Perception for Design},
  edition = {2\textsuperscript{nd}},
  year = 2004,
  publisher = {Morgan Kaufmann Publishers Inc.},
  address = {San Francisco},
	doi = {http://dx.doi.org/10.1016/B978-155860819-1/50001-7}
}

@phdthesis{levoy:1989:DSV,
  author = {Marc Levoy},
  title = {Display of Surfaces from Volume Data},
  school = {University of North Carolina at Chapel Hill},
	address = {USA},
	url = {http://www.cs.unc.edu/techreports/89-022.pdf},
  year = {1989},
}

@article{Lorensen:1987:MCA,
 author = {Lorensen, William E. and Cline, Harvey E.},
 title = {Marching Cubes: A High Resolution {3D} Surface Construction Algorithm},
 journal = {SIGGRAPH Computer Graphics},
 volume = {21},
 number = {4},
 month = aug,
 year = {1987},
 pages = {163--169},
 doi = {10.1145/37402.37422},
}

@inproceedings{Nielson:1991:TAD,
  author = {Gregory M. Nielson and Bernd Hamann},
  title = {The Asymptotic Decider: Removing the Ambiguity in Marching Cubes},
  year = {1991},
  booktitle = {Proc.\ Visualization},
  pages = {83--91},
  doi={10.1109/VISUAL.1991.175782},
	publisher = {IEEE Computer Society},
	address = {Los Alamitos},
}
@article{Reingold:1981:TDT:1313316.1313481,
 author = {Reingold, E. M. and Tilford, J. S.},
 title = {Tidier Drawings of Trees},
 journal = {IEEE Trans. Softw. Eng.},
 issue_date = {March 1981},
 volume = {7},
 number = {2},
 month = mar,
 year = {1981},
 issn = {0098-5589},
 pages = {223--228},
 numpages = {6},
 url = {http://dx.doi.org/10.1109/TSE.1981.234519},
 doi = {10.1109/TSE.1981.234519},
 acmid = {1313481},
 publisher = {IEEE Press},
 address = {Piscataway, NJ, USA},
 keywords = {Data structures, tree structures, tree structures, Data structures, trees, trees},
} 
@inproceedings{VanHam:2003:UMC:1947368.1947409,
 author = {Van Ham, Frank},
 title = {Using Multilevel Call Matrices in Large Software Projects},
 booktitle = {Proceedings of the Ninth Annual IEEE Conference on Information Visualization},
 series = {INFOVIS'03},
 year = {2003},
 isbn = {0-7803-8154-8},
 location = {Seattle, Washington},
 pages = {227--232},
 numpages = {6},
 url = {http://dl.acm.org/citation.cfm?id=1947368.1947409},
 acmid = {1947409},
 publisher = {IEEE Computer Society},
 address = {Washington, DC, USA},
 keywords = {call matrix, multilevel visualization, software visualization},
} 
@inproceedings{Ghoniem:2004:CRG:1038262.1038777,
 author = {Ghoniem, Mohammad and Fekete, Jean-Daniel and Castagliola, Philippe},
 title = {A Comparison of the Readability of Graphs Using Node-Link and Matrix-Based Representations},
 booktitle = {Proceedings of the IEEE Symposium on Information Visualization},
 series = {INFOVIS '04},
 year = {2004},
 isbn = {0-7803-8779-3},
 pages = {17--24},
 numpages = {8},
 url = {http://dx.doi.org/10.1109/INFOVIS.2004.1},
 doi = {10.1109/INFOVIS.2004.1},
 acmid = {1038777},
 publisher = {IEEE Computer Society},
 address = {Washington, DC, USA},
 keywords = {Visualization of graphs, adjacency matrices, node-link representation, readability, evaluation},
} 
 @inproceedings{du2016vis,
author = {Du, Fan and Plaisant, Catherine and Spring, Neil and Shneiderman, Ben},
title = {EventAction: Visual Analytics for Temporal Event Sequence Recommendation},
booktitle = {Proceedings of the IEEE Visual Analytics Science and Technology},
pages = {1--10},
numpages = {10},
series = {VAST '16},
year = {2016},
location = {Baltimore, Maryland, USA},
publisher = {IEEE},
keywords = {temporal event sequences, recommender systems, prescriptive analytics, visual analytics},
}

@article{Bostock:2011:DDD:2068462.2068631,
 author = {Bostock, Michael and Ogievetsky, Vadim and Heer, Jeffrey},
 title = {D3 Data-Driven Documents},
 journal = {IEEE Transactions on Visualization and Computer Graphics},
 issue_date = {December 2011},
 volume = {17},
 number = {12},
 month = dec,
 year = {2011},
 issn = {1077-2626},
 pages = {2301--2309},
 numpages = {9},
 url = {http://dx.doi.org/10.1109/TVCG.2011.185},
 doi = {10.1109/TVCG.2011.185},
 acmid = {2068631},
 publisher = {IEEE Educational Activities Department},
 address = {Piscataway, NJ, USA},
 keywords = {Information visualization, user interfaces, toolkits, 2D graphics.},
} 

@article{Biswas:2013:AIFEMDS:1077-2626,
	author = {Biswas, Ayan and Dutta, Soumya and Shen, Han-Wei and Woodring, Jonathan},
	title = {An Information-Aware Framework for Exploring Multivariate Data Sets},
	journal = {IEEE Transactions on Visualization and Computer Graphics},
	issue_date = {December 2013},
	volume = {19},
	number = {12},
	month = dec,
	year = {2013},
	issn = {1077-2626},
	pages = {2683 - 2692},
	numpages = {9},
	url = {http://dx.doi.org/10.1109/TVCG.2013.133},
	doi = {10.1109/TVCG.2013.133},
	publisher = {IEEE},
	keywords = {Uncertainty,Mutual information,	Information technology,	Entropy,	Isosurfaces,Layout.},
} 

@article{Chourasia:2007:DRS:1247238.1247243,
	author = {Chourasia, Amit},
	title = {Digital Re-creation of a Seven-story Building Shake During an Earthquake},
	journal = {Crossroads},
	issue_date = {March 2007},
	volume = {13},
	number = {3},
	month = mar,
	year = {2007},
	issn = {1528-4972},
	pages = {5--5},
	numpages = {1},
	url = {http://doi.acm.org/10.1145/1247238.1247243},
	doi = {10.1145/1247238.1247243},
	acmid = {1247243},
	publisher = {ACM},
	address = {New York, NY, USA},
} 
@article{DBLP:journals/corr/abs-cs-0610033,
	author    = {Marco Cuturi and
	Jean{-}Philippe Vert and
	{\O}ystein Birkenes and
	Tomoko Matsui},
	title     = {A kernel for time series based on global alignments},
	journal   = {CoRR},
	volume    = {abs/cs/0610033},
	year      = {2006},
	url       = {http://arxiv.org/abs/cs/0610033},
	timestamp = {Wed, 07 Jun 2017 14:42:03 +0200},
	biburl    = {http://dblp.uni-trier.de/rec/bib/journals/corr/abs-cs-0610033},
	bibsource = {dblp computer science bibliography, http://dblp.org}
}

@inproceedings{conf/icml/KondorJ03,
	added-at = {2013-02-19T00:00:00.000+0100},
	author = {Kondor, Risi and Jebara, Tony},
	biburl = {https://www.bibsonomy.org/bibtex/28c2a8664e704c29ed5a31cf3407e62de/dblp},
	booktitle = {ICML},
	crossref = {conf/icml/2003},
	editor = {Fawcett, Tom and Mishra, Nina},
	ee = {http://www.aaai.org/Library/ICML/2003/icml03-049.php},
	interhash = {d26bf2fe2d9a970ac966e84c14761506},
	intrahash = {8c2a8664e704c29ed5a31cf3407e62de},
	isbn = {1-57735-189-4},
	keywords = {dblp},
	pages = {361-368},
	publisher = {AAAI Press},
	timestamp = {2013-02-20T11:37:11.000+0100},
	title = {A Kernel Between Sets of Vectors.},
	url = {http://dblp.uni-trier.de/db/conf/icml/icml2003.html#KondorJ03},
	year = 2003
}




